@article{santoso2009bahasa,
  title={Bahasa Pemrograman Python Di Platform GNU/LINUX},
  author={Santoso, Berkah and Serpong, Gading and Tangerang, INDONESIA},
  journal={Jurnal Program Studi Teknik Informatika, Fakultas Teknologi Informasi dan Komunikasi Universitas Multimedia Nusantara Gading Serpong Tanggerang},
  year={2009}
}
