@article{mccool1993common,
  title={The common gateway interface},
  author={McCool, Rob},
  journal={National Center for Supercomputing Applications, University of Illinois at Urbana-Champaign},
  year={1993}
}