@book{santoso2009interaksi,
  title={Interaksi Manusia dan Komputer Edisi 2},
  author={Santoso, Insap},
  year={2009},
  publisher={Penerbit Andi}
}

@article{silaen2013perancangan,
  title={PERANCANGAN APLIKASI PEMBELAJARAN ALGORITMA RC4 UNTUK PENGAMANAN FILE GAMBAR},
  author={SILAEN, DANIEL RIDHO HARUN N and RIDHO, DANIEL},
  year={2013},
  publisher={Universitas Potensi Utama}
}
